@misc{datacenters_com,
  title  = {Data Center Locations: Top Cities, States, Countries and Regions},
  url    = {https://www.datacenters.com/locations},
  author = {Datacenters.com},
  year   = {2024}
}

@book{kubernetes_report,
  title     = {2024 Kubernetes Cost Benchmark Report},
  author    = {Cast.ai},
  year      = {2024},
  publisher = {Cast.ai}
}

@book{google_report,
  title     = {Google 2024 Environmental Report},
  author    = {Google},
  year      = {2024},
  publisher = {Google},
  url       = {https://www.gstatic.com/gumdrop/sustainability/google-2024-environmental-report.pdf}
}

@misc{hashrate,
  title  = {Bitcoin Total Hash Rate},
  url    = {https://www.blockchain.com/explorer/charts/hash-rate},
  author = {Blockchain.com},
  year   = {2024}
}

@article{btc_energy,
  author  = {de Vries, Alex},
  year    = {2020},
  month   = {08},
  pages   = {},
  title   = {Bitcoinâ€™s energy consumption is underestimated: A market dynamics approach},
  volume  = {70},
  journal = {Energy Research \& Social Science},
  doi     = {10.1016/j.erss.2020.101721}
}

@book{miner_avg_eff,
  title     = {A Deep Dive in a Real-World Bitcoin Mine},
  url       = {https://digiconomist.net/deep-dive-real-world-bitcoin-mine},
  publisher = {Digiconomist},
  author    = {Digiconomist},
  year      = {2017}
}

@misc{energy_mix_dataset,
  title  = {{World Energy Balances 2024 Highlights (free extract)}},
  url    = {https://www.iea.org/data-and-statistics/data-product/world-energy-statistics-and-balances},
  author = {IEA},
  year   = {2024}
}

@misc{emission_dataset,
  title  = {{Power sector emissions worldwide from 2000 to 2023, by source}},
  url    = {https://www.statista.com/statistics/1332010/power-sector-emissions-worldwide-by-source/},
  author = {Ember},
  year   = {2024}
}

@book{best_miner,
  title     = {Best Bitcoin Miners \& Crypto Mining Rigs: Ultimate Guide for ASIC Miners In 2024},
  url       = {https://coingape.com/best-asic-bitcoin-mining-rigs/},
  publisher = {The Coingape Marketing Editor Team},
  author    = {Neeti and Selvasundar, Vignesh},
  year      = {2024}
}

@misc{best_miner_2023,
  title  = {Top 10 Most Profitable Bitcoin Mining Machines in 2023},
  url    = {https://web.archive.org/web/20230926085435/https://www.cryptominerbros.com/blog/most-profitable-bitcoin-mining-machines/},
  author = {Han Su},
  year   = {2023}
}

@misc{best_miner_2022,
  title  = {Best Bitcoin Miners for Mining Bitcoin in 2022},
  url    = {https://hashrateindex.com/blog/best-bitcoin-miners-in-2022/},
  author = {Tyler Laroche},
  year   = {2022}
}

@misc{best_miner_2021,
  title  = {Top Cryptocurrency Mining Hardware In 2021},
  url    = {https://www.cryptominerbros.com/blog/top-cryptocurrency-mining-hardware-in-2021/},
  author = {Han Su},
  year   = {2021}
}

@misc{best_miner_2015,
  title  = {Miners efficiency},
  url    = {https://www.asicminervalue.com/miners/bitmain/antminer-s7},
  author = {{ASIC Miner Value}},
  year   = {2015}
}

@book{top500,
  title     = {Performance development},
  url       = {https://top500.org/statistics/perfdevel/},
  publisher = {TOP500},
  author    = {Kirk W. Cameron and Wu-chun Feng},
  year      = {2024}
}

@article{bitcoin_mix,
  author   = {Chamanara, Sanaz and Ghaffarizadeh, S. Arman and Madani, Kaveh},
  title    = {The Environmental Footprint of Bitcoin Mining Across the Globe: Call for Urgent Action},
  journal  = {Earth's Future},
  volume   = {11},
  number   = {10},
  pages    = {e2023EF003871},
  keywords = {carbon footprint, water footprint, blockchain, environmental accounting, sustainability assessment, Bitcoin},
  doi      = {https://doi.org/10.1029/2023EF003871},
  url      = {https://agupubs.onlinelibrary.wiley.com/doi/abs/10.1029/2023EF003871},
  eprint   = {https://agupubs.onlinelibrary.wiley.com/doi/pdf/10.1029/2023EF003871},
  note     = {e2023EF003871 2023EF003871},
  year     = {2023}
}

